<?xml version="1.0" encoding="UTF-8"?><collection xmlns="http://www.loc.gov/MARC21/slim"><record><leader>00389nam--2200145-i-4500</leader><controlfield tag="001">000022829</controlfield><controlfield tag="002">20161230</controlfield><controlfield tag="005">20161230201034</controlfield><controlfield tag="008">060222s1000------------r-----000-0-eng-d</controlfield><datafield ind1=" " ind2=" " tag="080"><subfield code="a">621.37</subfield></datafield><datafield ind1=" " ind2=" " tag="100"><subfield code="a">Hall, Harold Robert</subfield></datafield><datafield ind1=" " ind2=" " tag="245"><subfield code="a">Analysis of nonlinear nonlinear networks. thesis</subfield></datafield><datafield ind1=" " ind2=" " tag="260"><subfield code="a">An Arbor, University Microfilm, Inc., 1966. Iv + 177 P</subfield></datafield><datafield ind1=" " ind2=" " tag="490"><subfield code="a">Series</subfield></datafield><datafield ind1=" " ind2=" " tag="852"><subfield code="a">29252</subfield></datafield></record></collection>